@Conference{CoomanSMACD2012,
    crossref = {Cooman2012SMACD}
 }
